@inproceedings{donenfeld2017wireguard,
  title={Wireguard: next generation kernel network tunnel.},
  author={Donenfeld, Jason A},
  booktitle={NDSS},
  year={2017}
}

@inproceedings{bernstein2006curve25519,
  title={Curve25519: new Diffie-Hellman speed records},
  author={Bernstein, Daniel J},
  booktitle={Public Key Cryptography-PKC 2006: 9th International Conference on Theory and Practice in Public-Key Cryptography, New York, NY, USA, April 24-26, 2006. Proceedings 9},
  year={2006},
  organization={Springer}
}
